@ARTICLE{Mignone:2007p644,
   author = {{Mignone}, A. and {Bodo}, G. and {Massaglia}, S. and {Matsakos}, T. and 
	{Tesileanu}, O. and {Zanni}, C. and {Ferrari}, A.},
    title = "{PLUTO: A Numerical Code for Computational Astrophysics}",
  journal = {\apjs},
   eprint = {arXiv:astro-ph/0701854},
 keywords = {Hydrodynamics, Methods: Numerical, Magnetohydrodynamics: MHD, Relativity, Shock Waves},
     year = 2007,
    month = may,
   volume = 170,
    pages = {228-242},
      doi = {10.1086/513316},
   adsurl = {http://adsabs.harvard.edu/abs/2007ApJS..170..228M},
  adsnote = {Provided by the SAO/NASA Astrophysics Data System}
}

@ARTICLE{Brinch:2010p13078,
   author = {{Brinch}, C. and {Hogerheijde}, M.~R.},
    title = "{LIME - a flexible, non-LTE line excitation and radiation transfer method for millimeter and far-infrared wavelengths}",
  journal = {\aap},
archivePrefix = "arXiv",
   eprint = {1008.1492},
 primaryClass = "astro-ph.SR",
 keywords = {radiative transfer, line: formation, methods: numerical},
     year = 2010,
    month = nov,
   volume = 523,
      eid = {A25},
    pages = {A25},
      doi = {10.1051/0004-6361/201015333},
   adsurl = {http://adsabs.harvard.edu/abs/2010A%26A...523A..25B},
  adsnote = {Provided by the SAO/NASA Astrophysics Data System}
}

@ARTICLE{Lloyd1982, 
author={Lloyd, S.}, 
journal={Information Theory, IEEE Transactions on}, 
title={Least squares quantization in PCM}, 
year={1982}, 
volume={28}, 
number={2}, 
pages={129-137}, 
keywords={Least-squares approximation;PCM communication;Quantization (signal);Signal quantization;Amplitude modulation;Frequency;Helium;Laplace equations;Least squares methods;Phase change materials;Pulse modulation;Quantization;Sampling methods;Voltage}, 
doi={10.1109/TIT.1982.1056489}, 
ISSN={0018-9448},}

@ARTICLE{Hollenbach:1979p12707,
   author = {{Hollenbach}, D. and {McKee}, C.~F.},
    title = "{Molecule formation and infrared emission in fast interstellar shocks. I Physical processes}",
  journal = {\apjs},
 keywords = {ASTROPHYSICS, INFRARED RADIATION, INTERSTELLAR GAS, MOLECULAR GASES, SHOCK WAVES, CHEMICAL REACTIONS, DEUTERIUM, GAS DENSITY, GAS DISSOCIATION, GAS TEMPERATURE, MOLECULAR INTERACTIONS, SHOCK FRONTS},
     year = 1979,
    month = nov,
   volume = 41,
    pages = {555-592},
      doi = {10.1086/190631},
   adsurl = {http://adsabs.harvard.edu/abs/1979ApJS...41..555H},
  adsnote = {Provided by the SAO/NASA Astrophysics Data System}
}

@ARTICLE{Cen:1992p13616,
   author = {{Cen}, R.},
    title = "{A hydrodynamic approach to cosmology - Methodology}",
  journal = {\apjs},
 keywords = {COMPUTATIONAL ASTROPHYSICS, COSMOLOGY, HYDRODYNAMIC EQUATIONS, DARK MATTER, HELIUM, HYDROGEN, PHOTOIONIZATION, RECOMBINATION COEFFICIENT},
     year = 1992,
    month = feb,
   volume = 78,
    pages = {341-364},
      doi = {10.1086/191630},
   adsurl = {http://adsabs.harvard.edu/abs/1992ApJS...78..341C},
  adsnote = {Provided by the SAO/NASA Astrophysics Data System}
}

@ARTICLE{Galli:1998p13066,
   author = {{Galli}, D. and {Palla}, F.},
    title = "{The chemistry of the early Universe}",
  journal = {\aap},
   eprint = {arXiv:astro-ph/9803315},
 keywords = {MOLECULAR PROCESSES, ATOMIC PROCESSES, EARLY UNIVERSE},
     year = 1998,
    month = jul,
   volume = 335,
    pages = {403-420},
   adsurl = {http://adsabs.harvard.edu/abs/1998A%26A...335..403G},
  adsnote = {Provided by the SAO/NASA Astrophysics Data System}
}

@ARTICLE{Woodall:2007p13623,
   author = {{Woodall}, J. and {Ag{\'u}ndez}, M. and {Markwick-Kemper}, A.~J. and 
	{Millar}, T.~J.},
    title = "{The UMIST database for astrochemistry 2006}",
  journal = {\aap},
 keywords = {molecular data, molecular processes, ISM: molecules, astrochemistry},
     year = 2007,
    month = may,
   volume = 466,
    pages = {1197-1204},
      doi = {10.1051/0004-6361:20064981},
   adsurl = {http://adsabs.harvard.edu/abs/2007A%26A...466.1197W},
  adsnote = {Provided by the SAO/NASA Astrophysics Data System}
}

@ARTICLE{Abel:1997p12836,
   author = {{Abel}, T. and {Anninos}, P. and {Zhang}, Y. and {Norman}, M.~L.
	},
    title = "{Modeling primordial gas in numerical cosmology}",
  journal = {\na},
   eprint = {arXiv:astro-ph/9608040},
 keywords = {ATOMIC PROCESSES, MOLECULAR PROCESSES, PLASMAS, ISM: MOLECULES, RADIATION MECHANISMS: THERMAL},
     year = 1997,
    month = aug,
   volume = 2,
    pages = {181-207},
      doi = {10.1016/S1384-1076(97)00010-9},
   adsurl = {http://adsabs.harvard.edu/abs/1997NewA....2..181A},
  adsnote = {Provided by the SAO/NASA Astrophysics Data System}
}


